%%%% REFERÊNCIAS
%%
%% Conjunto padronizado de elementos descritivos retirados de um documento, que permite sua identificação individual.
%%
%% Adicione neste arquivo as suas referências no formato BibTeX, conforme exemplos apresentados no arquivo
%% "exemplos-referencias.bib".
Repositório de arquivos do projeto. https://github.com/ratatusznei/gimbal-EEX21

@ARTICLE{Guimaraes2003,
  AUTHOR   = {Guimar{\~a}es, Eliane G. and Maffeis, Antonio T. and Pereira, James L. and Russo, Bruno G. and Cardozo, Eleri and Bergerman, Marcel and Magalh{\~a}es, Mauricio F.},
  TITLE    = {{REAL}},
  JOURNAL  = {IEEE Transactions on Education},
  YEAR     = {2003},
  VOLUME   = {46},
  NUMBER   = {1},
  PAGES    = {37--42},
  MONTH    = feb,
  SUBTITLE = {A Virtual Laboratory for Mobile Robot Experiment}
}